<?xml version="1.0" encoding="UTF-8"?><record xmlns="http://www.loc.gov/MARC21/slim" xmlns:cinclude="http://apache.org/cocoon/include/1.0" xmlns:zs="http://www.loc.gov/zing/srw/">
  <leader>00476nz  a2200121n  4500</leader>
  <controlfield tag="001">n 2001015022</controlfield>
  <controlfield tag="003">DLC</controlfield>
  <controlfield tag="005">20011015095256.0</controlfield>
  <controlfield tag="008">011015n| acannaabn          |n aaa      </controlfield>
  <datafield tag="010" ind1=" " ind2=" ">
    <subfield code="a">n 2001015022</subfield>
  </datafield>
  <datafield tag="040" ind1=" " ind2=" ">
    <subfield code="a">DLC</subfield>
    <subfield code="b">eng</subfield>
    <subfield code="c">DLC</subfield>
  </datafield>
  <datafield tag="100" ind1="1" ind2=" ">
    <subfield code="a">Nahman, Jovan M.,</subfield>
    <subfield code="d">1936-</subfield>
  </datafield>
  <datafield tag="670" ind1=" " ind2=" ">
    <subfield code="a">Nahman, Jovan M. Dependability of engineering systems, 2001:</subfield>
    <subfield code="b">CIP t.p. (Jovan M. Nahman) t.p. verso (Prof., Dr., Univ. Belgrade, Faculty of Electrical Engineering, Belgrade, Yugoslavia) data sheet (b. 08/20/36)</subfield>
  </datafield>
</record>